@ARTICLE{2018arXiv180706209P,
       author = {{Planck Collaboration} and {Aghanim}, N. and {Akrami}, Y. and
         {Ashdown}, M. and {Aumont}, J. and {Baccigalupi}, C. and
         {Ballardini}, M. and {Banday}, A.~J. and {Barreiro}, R.~B. and
         {Bartolo}, N.},
        title = "{Planck 2018 results. VI. Cosmological parameters}",
      journal = {arXiv e-prints},
     keywords = {Astrophysics - Cosmology and Nongalactic Astrophysics},
         year = "2018",
        month = "Jul",
          eid = {arXiv:1807.06209},
        pages = {arXiv:1807.06209},
archivePrefix = {arXiv},
       eprint = {1807.06209},
 primaryClass = {astro-ph.CO},
       adsurl = {https://ui.adsabs.harvard.edu/abs/2018arXiv180706209P},
      adsnote = {Provided by the SAO/NASA Astrophysics Data System}
}


@ARTICLE{1997ApJ...490..564W,
       author = {{Weinberg}, David H. and {Miralda-Escud{\'e}}, Jordi and
         {Hernquist}, Lars and {Katz}, Neal},
        title = "{A Lower Bound on the Cosmic Baryon Density}",
      journal = {\apj},
     keywords = {Cosmology: Theory, Elementary Particles, Galaxies: Intergalactic Medium, Galaxies: Quasars: Absorption Lines, Astrophysics},
         year = "1997",
        month = "Dec",
       volume = {490},
       number = {2},
        pages = {564-570},
          doi = {10.1086/304893},
archivePrefix = {arXiv},
       eprint = {astro-ph/9701012},
 primaryClass = {astro-ph},
       adsurl = {https://ui.adsabs.harvard.edu/abs/1997ApJ...490..564W},
      adsnote = {Provided by the SAO/NASA Astrophysics Data System}
}

@ARTICLE{2008Sci...319...55N,
       author = {{Nicastro}, Fabrizio and {Mathur}, Smita and {Elvis}, Martin},
        title = "{Missing Baryons and the Warm-Hot Intergalactic Medium}",
      journal = {Science},
     keywords = {ASTRONOMY, Astrophysics},
         year = "2008",
        month = "Jan",
       volume = {319},
       number = {5859},
        pages = {55},
          doi = {10.1126/science.1151400},
archivePrefix = {arXiv},
       eprint = {0712.2375},
 primaryClass = {astro-ph},
       adsurl = {https://ui.adsabs.harvard.edu/abs/2008Sci...319...55N},
      adsnote = {Provided by the SAO/NASA Astrophysics Data System}
}

@ARTICLE{2007ARNPS..57..463S,
       author = {{Steigman}, Gary},
        title = "{Primordial Nucleosynthesis in the Precision Cosmology Era}",
      journal = {Annual Review of Nuclear and Particle Science},
     keywords = {Astrophysics, General Relativity and Quantum Cosmology, High Energy Physics - Phenomenology, Nuclear Theory},
         year = "2007",
        month = "Nov",
       volume = {57},
       number = {1},
        pages = {463-491},
          doi = {10.1146/annurev.nucl.56.080805.140437},
archivePrefix = {arXiv},
       eprint = {0712.1100},
 primaryClass = {astro-ph},
       adsurl = {https://ui.adsabs.harvard.edu/abs/2007ARNPS..57..463S},
      adsnote = {Provided by the SAO/NASA Astrophysics Data System}
}

@ARTICLE{1992MNRAS.258P..14P,
       author = {{Persic}, Massimo and {Salucci}, Paolo},
        title = "{The baryon content of the universe}",
      journal = {\mnras},
     keywords = {Baryons, Galactic Clusters, Luminosity, Space Density, Universe, Dark Matter, Intergalactic Media, Mass To Light Ratios, Astrophysics, Astrophysics},
         year = "1992",
        month = "Sep",
       volume = {258},
       number = {1},
        pages = {14P-18P},
          doi = {10.1093/mnras/258.1.14P},
archivePrefix = {arXiv},
       eprint = {astro-ph/0502178},
 primaryClass = {astro-ph},
       adsurl = {https://ui.adsabs.harvard.edu/abs/1992MNRAS.258P..14P},
      adsnote = {Provided by the SAO/NASA Astrophysics Data System}
}


@ARTICLE{1994MNRAS.267...13B,
       author = {{Bristow}, P.~D. and {Phillipps}, S.},
        title = "{On the Baryon Content of the Universe}",
      journal = {\mnras},
         year = "1994",
        month = "Mar",
       volume = {267},
        pages = {13},
          doi = {10.1093/mnras/267.1.13},
       adsurl = {https://ui.adsabs.harvard.edu/abs/1994MNRAS.267...13B},
      adsnote = {Provided by the SAO/NASA Astrophysics Data System}
}
@ARTICLE{1998ApJ...503..518F,
       author = {{Fukugita}, M. and {Hogan}, C.~J. and {Peebles}, P.~J.~E.},
        title = "{The Cosmic Baryon Budget}",
      journal = {\apj},
     keywords = {COSMOLOGY: OBSERVATIONS, ELEMENTARY PARTICLES, GALAXIES: FUNDAMENTAL PARAMETERS, Cosmology: Observations, Elementary Particles, Galaxies: Fundamental Parameters, Astrophysics},
         year = "1998",
        month = "Aug",
       volume = {503},
       number = {2},
        pages = {518-530},
          doi = {10.1086/306025},
archivePrefix = {arXiv},
       eprint = {astro-ph/9712020},
 primaryClass = {astro-ph},
       adsurl = {https://ui.adsabs.harvard.edu/abs/1998ApJ...503..518F},
      adsnote = {Provided by the SAO/NASA Astrophysics Data System}
}


@ARTICLE{2007ApJS..170..377S,
       author = {{Spergel}, D.~N. and {Bean}, R. and {Dor{\'e}}, O. and {Nolta}, M.~R. and
         {Bennett}, C.~L. and {Dunkley}, J. and {Hinshaw}, G. and {Jarosik}, N. and
         {Komatsu}, E. and {Page}, L. and {Peiris}, H.~V. and {Verde}, L. and
         {Halpern}, M. and {Hill}, R.~S. and {Kogut}, A. and {Limon}, M. and
         {Meyer}, S.~S. and {Odegard}, N. and {Tucker}, G.~S. and {Weiland
        }, J.~L. and {Wollack}, E. and {Wright}, E.~L.},
        title = "{Three-Year Wilkinson Microwave Anisotropy Probe (WMAP) Observations: Implications for Cosmology}",
      journal = {\apjs},
     keywords = {Cosmology: Cosmic Microwave Background, Cosmology: Observations, Astrophysics},
         year = "2007",
        month = "Jun",
       volume = {170},
       number = {2},
        pages = {377-408},
          doi = {10.1086/513700},
archivePrefix = {arXiv},
       eprint = {astro-ph/0603449},
 primaryClass = {astro-ph},
       adsurl = {https://ui.adsabs.harvard.edu/abs/2007ApJS..170..377S},
      adsnote = {Provided by the SAO/NASA Astrophysics Data System}
}

@ARTICLE{2016MNRAS.457.2391C,
       author = {{Clampitt}, Joseph and {Miyatake}, Hironao and {Jain}, Bhuvnesh and
         {Takada}, Masahiro},
        title = "{Detection of stacked filament lensing between SDSS luminous red galaxies}",
      journal = {\mnras},
     keywords = {gravitational lensing: weak, cosmology: observations, dark matter, large-scale structure of Universe, Astrophysics - Cosmology and Nongalactic Astrophysics},
         year = "2016",
        month = "Apr",
       volume = {457},
       number = {3},
        pages = {2391-2400},
          doi = {10.1093/mnras/stw142},
archivePrefix = {arXiv},
       eprint = {1402.3302},
 primaryClass = {astro-ph.CO},
       adsurl = {https://ui.adsabs.harvard.edu/abs/2016MNRAS.457.2391C},
      adsnote = {Provided by the SAO/NASA Astrophysics Data System}
}




