@ARTICLE{Penzias:65,
   author = {{Penzias}, A.~A. and {Wilson}, R.~W.},
    title = "{A Measurement of Excess Antenna Temperature at 4080 Mc/s.}",
  journal = {The Astrophysics Journal},
 keywords = {Microwave Background, Cosmic Background Radiation},
     year = 1965,
    month = jul,
   volume = 142,
    pages = {419-421},
      doi = {10.1086/148307},
   adsurl = {http://adsabs.harvard.edu/abs/1965ApJ...142..419P},
  adsnote = {Provided by the SAO/NASA Astrophysics Data System}
}

@article{Linde:07,
Author = {Andrei Linde},
Title = {Inflationary Cosmology},
Year = {2007},
Eprint = {arXiv:0705.0164},
Howpublished = {Lect.Notes Phys.738:1-54,2008},
Doi = {10.1007/978-3-540-74353-8_1},
}

@book{Weinberg,
author = {Steven Weinberg},
title = {Cosmology},
year = {2008},
OPTeditor = {•},
OPTeditora = {•},
OPTeditorb = {•},
OPTeditorc = {•},
OPTtranslator = {•},
OPTannotator = {•},
OPTcommentator = {•},
OPTintroduction = {•},
OPTforeword = {•},
OPTafterword = {•},
OPTsubtitle = {•},
OPTtitleaddon = {•},
OPTmaintitle = {•},
OPTmainsubtitle = {•},
OPTmaintitleaddon = {•},
OPTlanguage = {•},
OPToriglanguage = {•},
OPTvolume = {•},
OPTpart = {•},
OPTedition = {•},
OPTvolumes = {•},
OPTseries = {•},
OPTnumber = {•},
OPTnote = {•},
OPTpublisher = {Oxford University Press Inc.},
OPTlocation = {New York, United States},
OPTisbn = {978-0-19-852682-7},
OPTchapter = {•},
OPTpages = {•},
OPTpagetotal = {•},
OPTaddendum = {•},
OPTpubstate = {•},
OPTdoi = {•},
OPTeprint = {•},
OPTeprintclass = {•},
OPTeprinttype = {•},
OPTurl = {•},
OPTurldate = {•},
}
@book{LiddleLyth:00,
author = {Andrew R. Liddle, David H. Lyth},
title = {Cosmological Inflation and Large-Scale Structure},
year = {2000},
OPTpublisher = {Cambridge University Press},
OPTisbn = {0521575982},
}
