@ARTICLE{Penzias 65,
   author = {{Penzias}, A.~A. and {Wilson}, R.~W.},
    title = "{A Measurement of Excess Antenna Temperature at 4080 Mc/s.}",
  journal = {\apj},
 keywords = {Microwave Background, Cosmic Background Radiation},
     year = 1965,
    month = jul,
   volume = 142,
    pages = {419-421},
      doi = {10.1086/148307},
   adsurl = {http://adsabs.harvard.edu/abs/1965ApJ...142..419P},
  adsnote = {Provided by the SAO/NASA Astrophysics Data System}
}

@article{astro-ph/9712020,
Author = {M. Fukugita and C. J. Hogan and P. J. E. Peebles},
Title = {The Cosmic Baryon Budget},
Year = {1997},
Eprint = {arXiv:astro-ph/9712020},
Howpublished = {Astrophys.J.503:518,1998},
Doi = {10.1086/306025},
}